@book{tanenbaum,
    author		= "Andrew Stuart Tanenbaum",
    title		= "Modern operating systems",
    address		= "New Jersey",
    publisher	= "Pearson Prentice Hall",
    edition		= "4",
    year			= "2014",
}