This file was created with JabRef 2.2.
Encoding: Cp1252

@INPROCEEDINGS{TR:Azlan:05,
  author = {M. Azlan AND I. Cartwright AND N. Jones AND T. Quirk AND G. West},
  title = {Multi-modal monitoring of the aged in their own homes},
  booktitle = {ICOST'2005: 3nd. Int. Conf. on Smart Homes and Health Telematics},
  year = {2005},
  address = {Magog, Canada},
  month = {Julho}
}

@MASTERSTHESIS{TR:Wagner:05,
  author = {Wagner Tanaka Botelho},
  title = {Um Sistema de Identificação e Adaptação Pervasivo para a Casa Inteligente
	Utilizando Sistemas Multiagentes},
  school = {Instituto Militar de Engenharia},
  year = {2005}
}

@INPROCEEDINGS{Eronen2006,
  author = {Antti J. Eronen AND Vesa T. Peltonen AND Juha T. Tuomi AND Anssi
	P. Klapuri AND Seppo Fagerlund AND Timo Sorsa AND Gaëtan Lorho AND
	Jyri Huopaniemi},
  title = {Audio-Based Context Recognition},
  booktitle = {IEEE TRANSACTIONS ON AUDIO, SPEECH, AND LANGUAGE PROCESSING},
  year = {2006},
  volume = {14},
  number = {1},
  pages = {321 - 329}
}

@ARTICLE{FAYYAD96,
  author = {U. M. Fayyad AND G. Piatetsky-Shapiro AND P. Smyth},
  title = {From Data Mining to Knowledge Discovery: An Overview},
  journal = {Knowledge Discovery and Data Mining, Menlo Park:AAAI Press},
  year = {1996}
}

@TECHREPORT{Som:ASC:Gerhard03,
  author = {David Gerhard},
  title = {Audio Signal Classification: History and Current Techniques},
  institution = {Department of Computer Science University of Regina},
  year = {2003},
  address = {Saskatchewan, CANADA},
  month = {November},
  owner = {Rafael},
  timestamp = {2007.03.13}
}

@BOOK{Ronaldo2005,
  title = {Data Mining um guia prático},
  publisher = {Editora Elsevier},
  year = {2005},
  author = {Ronaldo Ribeiro Goldschmidt AND Emmanuel Passos},
  volume = {1}
}

@INPROCEEDINGS{Hornik89,
  author = {K. Hornik AND M. Stinchcombe AND H. White},
  title = {Multilayer feedforward networks are universal approximators},
  booktitle = {Neural Networks},
  year = {1989},
  pages = {259-366}
}

@MASTERSTHESIS{TR:Sandro:05,
  author = {Sandro Santos de Lima},
  title = {Análise e Desenvolvimento de um Ambiente para Aplicações Domóticas},
  school = {Instituto Militar de Engenharia},
  year = {2005}
}

@BOOK{RL:Lynn:99,
  title = {Introductory Digital Signal Processing with Computer Applications},
  publisher = {John Wiley and Sons},
  year = {1999},
  author = {Paul A. Lynn AND Wolfgang Fuerst},
  owner = {Rafa},
  timestamp = {2007.07.16}
}

@INPROCEEDINGS{TR:Moncrieff:05,
  author = {Simon Moncrieff AND Svetha Venkatesh AND Geoff West AND Stewart Greenhill},
  title = {Incorporating Contextual Audio for an Actively Anxious Smart Home},
  booktitle = {Intelligent Sensors, Sensor Networks and Information Processing Conference},
  year = {2005},
  pages = {373- 378}
}

@INPROCEEDINGS{TR:Ricquebourg:06,
  author = {Vincent Ricquebourg AND David Menga AND David Durand AND Bruno Marhic
	AND Laurent Delahoche AND Christophe Loge},
  title = {The Smart Home Concept : our immediate future},
  booktitle = {E-Learning in Industrial Electronics, 2006 1ST IEEE International
	Conference on, Vol., Iss., Dec. 2006},
  year = {2006},
  owner = {rlcarvalho},
  timestamp = {2007.07.11}
}

@INPROCEEDINGS{TR:Vidal:06,
  author = {Paulo F. F. Rosa AND Fábio S. Vidal AND Sandro S. Lima},
  title = {Identificação de Indivíduos a Partir das Características do Seu Caminhar},
  booktitle = {Congresso Latino-americano de Controle Automático},
  year = {2006},
  pages = {360-365}
}

@BOOK{Russell2004,
  title = {Inteligência Artificial: Tradução da Segunda Edição},
  publisher = {Elsevir},
  year = {2004},
  author = {S. Russel AND P. Norvig},
  adress = {Rio de Janeiro}
}

@ARTICLE{TR:Yasuhiro:05,
  author = {Shoji,Yasuhiro and Takasuka,Takashi and Yasukawa,Hiroshi},
  title = {A Study on Footstep Detection for Personal Recognition},
  journal = {Proceedings of the IEICE General Conference},
  year = {2005},
  pages = {53-54},
  publisher = {The Institute of Electronics, Information and Communication Engineers},
  timestamp = {2007.05.07},
  url = {http://ci.nii.ac.jp/naid/110004738138/en/}
}

@BOOK{RL:ConcBas:Smith03,
  title = {Mathematics of the Discrete Fourier Transform (DFT), with Music and
	Audio Applications},
  publisher = {W3K Publishing},
  year = {2003},
  author = {Julius O. Smith},
  volume = {III},
  note = {ISBN 0-9745607-0-7},
  owner = {Rafael},
  timestamp = {2007.03.29}
}

@INPROCEEDINGS{TR:Suutala:05,
  author = {Jaakko Suutala AND Juha Röning},
  title = {COMBINING CLASSIFIERS WITH DIFFERENT FOOTSTEP FEATURE SETS AND MULTIPLE
	SAMPLES FOR PERSON IDENTIFICATION},
  booktitle = {IEEE International Conference on Acoustics, Speech, and Signal Processing},
  year = {2005},
  owner = {Rafa},
  timestamp = {2007.05.07}
}

@MISC{ConcBas:Valens:94,
  author = {C. Valens},
  title = {A Really Friendly Guide to Wavelets},
  year = {2004},
  owner = {Rafa},
  timestamp = {2007.05.09}
}

@MISC{RL:ConcBas:Weisstein03,
  author = {Eric W. Weisstein},
  title = {Discrete Fourier Transform},
  howpublished = {MathWorld--A Wolfram Web Resource},
  month = {Setembro},
  year = {2003},
  note = {http://mathworld.wolfram.com/DiscreteFourierTransform.html},
  owner = {Rafael},
  pdf = {E:\Documentos\Mestrado\Dissertacao\Pesquisa\Revisao Literatura\Basico\Fast_fourier TransformCH12.PDF},
  timestamp = {2007.03.29}
}

