% Iniciação Científica
@book{yanofsky,
    author		= "Noson S. Yanofsky and Mirco A. Mannucci",
    title		= "Quantum Computing for Computer Scientists",
    publisher	= "Cambridge University Press",
    address		= "New York",	
    edition		= "1",
    year			= "2008",
}